<?xml version="1.0" encoding="UTF-8"?><record xmlns="http://www.loc.gov/MARC21/slim" xmlns:cinclude="http://apache.org/cocoon/include/1.0" xmlns:zs="http://www.loc.gov/zing/srw/">
  <leader>00791cz  a2200193n  4500</leader>
  <controlfield tag="001">no2013133177</controlfield>
  <controlfield tag="003">DLC</controlfield>
  <controlfield tag="005">20140106135320.0</controlfield>
  <controlfield tag="008">131127n| azannaabn          |n ana     c</controlfield>
  <datafield tag="010" ind1=" " ind2=" ">
    <subfield code="a">no2013133177</subfield>
    <subfield code="z">n  89618825 </subfield>
  </datafield>
  <datafield tag="035" ind1=" " ind2=" ">
    <subfield code="a">(OCoLC)oca09625260</subfield>
  </datafield>
  <datafield tag="040" ind1=" " ind2=" ">
    <subfield code="a">PaPhCHF</subfield>
    <subfield code="b">eng</subfield>
    <subfield code="e">rda</subfield>
    <subfield code="c">PaPhCHF</subfield>
    <subfield code="d">DLC</subfield>
  </datafield>
  <datafield tag="046" ind1=" " ind2=" ">
    <subfield code="s">19781218</subfield>
    <subfield code="t">19781219</subfield>
  </datafield>
  <datafield tag="111" ind1="2" ind2=" ">
    <subfield code="a">Symposium on Pulsed Nuclear Magnetic Resonance in Solids</subfield>
    <subfield code="d">(1978 :</subfield>
    <subfield code="c">Queen Elizabeth College)</subfield>
  </datafield>
  <datafield tag="370" ind1=" " ind2=" ">
    <subfield code="f">London (England)</subfield>
    <subfield code="2">naf</subfield>
  </datafield>
  <datafield tag="372" ind1=" " ind2=" ">
    <subfield code="a">Thermodynamics</subfield>
    <subfield code="2">lcsh</subfield>
  </datafield>
  <datafield tag="373" ind1=" " ind2=" ">
    <subfield code="a">Chemical Society (Great Britain). Faraday Division</subfield>
    <subfield code="2">naf</subfield>
  </datafield>
  <datafield tag="377" ind1=" " ind2=" ">
    <subfield code="a">eng</subfield>
  </datafield>
  <datafield tag="670" ind1=" " ind2=" ">
    <subfield code="a">Pulsed nuclear magnetic resonance in solids, 1978:</subfield>
    <subfield code="b">t.p. (Symposium on Pulsed Nuclear Magnetic Resonance in Solids, held at Queen Elizabeth College, London, on 18th and 19th December, 1978)</subfield>
  </datafield>
</record>